@misc{moodle,
	title={{Laboratórios de Informática}},
	url={http://elearning.ua.pt/course/view.php?id=3470},
	note = "[Online; acedido em Junho de 2015]"
}

@misc{cherry,
	title={{CherryPy}},
	url={http://www.cherrypy.org/},
	note = "[Online; acedido em Junho de 2015]"
}

@misc{sqlite,
	title={{SQLite}},
	url={http://www.sqlite.org/},
	note = "[Online; acedido em Junho de 2015]"
}

@misc{python,
	title={{Python}},
	url={https://www.python.org/},
	note = "[Online; acedido em Junho de 2015]"
}

@misc{wave,
	title={{Wave}},
	url={https://docs.python.org/2/library/wave.html},
	note = "[Online; acedido em Junho de 2015]"
}

@misc{jquery,
	title={{JQuery Mobile}},
	url={https://jquerymobile.com/},
	note = "[Online; acedido em Junho de 2015]"
}

@misc{bootstrap,
	title={{Bootstrap}},
	url={http://getbootstrap.com/},
	note = "[Online; acedido em Junho de 2015]"
}