@misc{moodle,
	title={{Laboratórios de Informática}},
	url={http://elearning.ua.pt/course/view.php?id=3470},
	note = "[Online; acedido em Maio de 2015]"
}

@misc{cherry,
	title={{CherryPy}},
	url={http://www.cherrypy.org/},
	note = "[Online; acedido em Maio de 2015]"
}







